<record><leader>00000cas a2200000 a 4500</leader><controlfield tag="001">34054942</controlfield><controlfield tag="008">960119d19391963azuwr ne      0    0eng d</controlfield><datafield ind1=" " ind2=" " tag="010"><subfield code="a">sn 95060959 </subfield></datafield><datafield ind1=" " ind2=" " tag="040"><subfield code="a">ANN</subfield><subfield code="b">eng</subfield><subfield code="c">ANN</subfield><subfield code="d">OCLCQ</subfield><subfield code="d">OCLCF</subfield><subfield code="d">OCLCO</subfield></datafield><datafield ind1="1" ind2=" " tag="029"><subfield code="a">AU@</subfield><subfield code="b">000012204444</subfield></datafield><datafield ind1=" " ind2=" " tag="042"><subfield code="a">msc</subfield></datafield><datafield ind1=" " ind2=" " tag="043"><subfield code="a">n-us-az</subfield></datafield><datafield ind1="0" ind2="4" tag="245"><subfield code="a">The Glendale herald with state farm news.</subfield></datafield><datafield ind1=" " ind2=" " tag="260"><subfield code="a">Glendale, Ariz. :</subfield><subfield code="b">L.M. Cox, K.L. Allen,</subfield><subfield code="c">1939-1963.</subfield></datafield><datafield ind1=" " ind2=" " tag="300"><subfield code="a">v.</subfield></datafield><datafield ind1=" " ind2=" " tag="310"><subfield code="a">Weekly</subfield></datafield><datafield ind1="0" ind2=" " tag="362"><subfield code="a">Vol. 13, no. 19 (June 30, 1939)-v. 37, no. 11 (May 10, 1963).</subfield></datafield><datafield ind1=" " ind2="0" tag="651"><subfield code="a">Glendale (Ariz.)</subfield><subfield code="v">Newspapers.</subfield></datafield><datafield ind1=" " ind2="0" tag="651"><subfield code="a">Peoria (Ariz.)</subfield><subfield code="v">Newspapers.</subfield></datafield><datafield ind1=" " ind2="0" tag="651"><subfield code="a">Maricopa County (Ariz.)</subfield><subfield code="v">Newspapers.</subfield></datafield><datafield ind1=" " ind2="7" tag="655"><subfield code="a">Newspapers.</subfield><subfield code="2">fast</subfield><subfield code="0">(OCoLC)fst01423814</subfield></datafield><datafield ind1=" " ind2="7" tag="651"><subfield code="a">Arizona</subfield><subfield code="z">Glendale.</subfield><subfield code="2">fast</subfield><subfield code="0">(OCoLC)fst01207568</subfield></datafield><datafield ind1=" " ind2="7" tag="651"><subfield code="a">Arizona</subfield><subfield code="z">Maricopa County.</subfield><subfield code="2">fast</subfield><subfield code="0">(OCoLC)fst01217111</subfield></datafield><datafield ind1=" " ind2="7" tag="651"><subfield code="a">Arizona</subfield><subfield code="z">Peoria.</subfield><subfield code="2">fast</subfield><subfield code="0">(OCoLC)fst01216808</subfield></datafield><datafield ind1=" " ind2=" " tag="752"><subfield code="a">United States</subfield><subfield code="b">Arizona</subfield><subfield code="c">Maricopa</subfield><subfield code="d">Glendale.</subfield></datafield><datafield ind1="0" ind2="0" tag="780"><subfield code="t">Glendale herald (Glendale, Ariz. : 1935)</subfield><subfield code="w">(DLC)sn 95060958</subfield></datafield><datafield ind1="0" ind2="0" tag="785"><subfield code="t">Glendale herald (Glendale, Ariz. : 1963)</subfield><subfield code="w">(DLC)sn 95060960</subfield></datafield></record>